<?xml version="1.0" encoding="UTF-8"?><collection xmlns="http://www.loc.gov/MARC21/slim"><record><leader>00495nam--2200193-u-4500</leader><controlfield tag="001">000053513</controlfield><controlfield tag="002">20161230</controlfield><controlfield tag="005">20161230201051</controlfield><controlfield tag="008">110411s1000------------r-----000-0-eng-d</controlfield><datafield ind1=" " ind2=" " tag="020"><subfield code="a">0412039710</subfield></datafield><datafield ind1=" " ind2=" " tag="040"><subfield code="a">IFIN-HH</subfield></datafield><datafield ind1=" " ind2=" " tag="080"><subfield code="a">57</subfield></datafield><datafield ind1="1" ind2=" " tag="100"><subfield code="a">Ahmad, Sami</subfield></datafield><datafield ind1="1" ind2="0" tag="245"><subfield code="a">Oxidative stress and antioxidant defenses in biology</subfield><subfield code="b">Sami ahmad (ed.)</subfield></datafield><datafield ind1=" " ind2=" " tag="260"><subfield code="a">New York</subfield><subfield code="b">Chapman &amp; Hall</subfield><subfield code="c">1995</subfield></datafield><datafield ind1=" " ind2=" " tag="300"><subfield code="a">457P</subfield></datafield><datafield ind1=" " ind2="4" tag="650"><subfield code="a">Antioxidants</subfield></datafield><datafield ind1=" " ind2=" " tag="852"><subfield code="a">80281</subfield><subfield code="c">57</subfield></datafield><datafield ind1=" " ind2=" " tag="CAT"><subfield code="a">Sys</subfield><subfield code="c">20110411</subfield><subfield code="h">083308</subfield></datafield></record></collection>